@BOOK{Deep,
	title={Deep learning},
	publisher={The MIT Press},
	author={Ian Goodfellow and Yoshua Bengio and Aaron Courville},
	year={2016},
	series={Adaptive computation and machine learning series},
}